<?xml version="1.0" encoding="UTF-8"?>
<record xmlns="http://www.loc.gov/MARC21/slim" xmlns:xsi="http://www.w3.org/2001/XMLSchema-instance" xsi:schemaLocation="http://www.loc.gov/MARC21/slim http://www.loc.gov/standards/marcxml/schema/MARC21slim.xsd">
<leader>     nam a2200289   4500</leader>
<controlfield tag="001">002820020</controlfield>
<controlfield tag="003">NNU</controlfield>
<controlfield tag="005">19940713181853.0</controlfield>
<controlfield tag="008">840802s1968    iq       b    001 0 ara d</controlfield>
<datafield tag="035" ind1="9" ind2=" ">
<subfield code="a">NYUb10527705</subfield>
</datafield>
<datafield tag="035" ind1=" " ind2=" ">
<subfield code="a">(CStRLIN)NYUG84-B26208</subfield>
</datafield>
<datafield tag="035" ind1=" " ind2=" ">
<subfield code="a">GLIS005277058</subfield>
</datafield>
<datafield tag="040" ind1=" " ind2=" ">
<subfield code="a">NNU</subfield>
<subfield code="c">NNU</subfield>
</datafield>
<datafield tag="090" ind1=" " ind2=" ">
<subfield code="i">06/04/87 CT</subfield>
</datafield>
<datafield tag="100" ind1="1" ind2=" ">
<subfield code="a">Shiblī, Abū Bakr,</subfield>
<subfield code="d">861-946.</subfield>
</datafield>
<datafield tag="245" ind1="1" ind2="0">
<subfield code="a">Dīwān Abī Bakr al-Shiblī, Jaʻfar ibn Yūsuf al-mashūr bi-Dulaf ibn Jaḥdar /</subfield>
<subfield code="c">jamaʻahu wa-ḥaqqaqahu wa-ʻallaqa ḥawāshīhi wa-qaddama lahu Kāmil Muṣṭafá al-Shaybī.</subfield>
</datafield>
<datafield tag="250" ind1=" " ind2=" ">
<subfield code="a">al-Ṭabʻah 1.</subfield>
</datafield>
<datafield tag="260" ind1=" " ind2=" ">
<subfield code="a">Baghdād :</subfield>
<subfield code="b">[s.n.],</subfield>
<subfield code="c">1968</subfield>
<subfield code="e">(Baghdād :</subfield>
<subfield code="f">Maṭbaʻat al-Bayān)</subfield>
</datafield>
<datafield tag="300" ind1=" " ind2=" ">
<subfield code="a">229 p. ;</subfield>
<subfield code="c">24 cm.</subfield>
</datafield>
<datafield tag="500" ind1=" " ind2=" ">
<subfield code="a">Title on p. [4] of cover: The dīwān of Abū Bakr al-shiblī.</subfield>
</datafield>
<datafield tag="500" ind1=" " ind2=" ">
<subfield code="a">Includes indexes.</subfield>
</datafield>
<datafield tag="504" ind1=" " ind2=" ">
<subfield code="a">Bibliography: p. 173-189.</subfield>
</datafield>
<datafield tag="700" ind1="1" ind2=" ">
<subfield code="a">Shaybī, Kāmil Muṣṭafá.</subfield>
</datafield>
<datafield tag="740" ind1="4" ind2=" ">
<subfield code="a">The dīwān of Abū Bakr al-Shiblī.</subfield>
</datafield>
<datafield tag="OWN" ind1=" " ind2=" ">
<subfield code="a">GENERAL</subfield>
</datafield>
<datafield tag="910" ind1=" " ind2=" ">
<subfield code="a">Field 740 added</subfield>
</datafield>
<datafield tag="950" ind1=" " ind2=" ">
<subfield code="l">BMAIN</subfield>
<subfield code="a">PJ7745.S47</subfield>
<subfield code="b">D5 1968</subfield>
<subfield code="i">06/04/87 C</subfield>
</datafield>
<datafield tag="955" ind1=" " ind2=" ">
<subfield code="l">BMAIN</subfield>
<subfield code="c">1</subfield>
<subfield code="r">012413194</subfield>
<subfield code="i">06/04/87 C</subfield>
</datafield>
<datafield tag="998" ind1=" " ind2=" ">
<subfield code="a">06/04/87</subfield>
<subfield code="t">b</subfield>
<subfield code="s">9668</subfield>
<subfield code="n">NNU</subfield>
<subfield code="w">NYUG84B26208</subfield>
<subfield code="d">08/02/84</subfield>
<subfield code="c">MG</subfield>
<subfield code="b">MH</subfield>
<subfield code="i">870604</subfield>
<subfield code="l">NYUG</subfield>
</datafield>
<datafield tag="AVA" ind1=" " ind2=" ">
<subfield code="a">NYU50</subfield>
<subfield code="b">BOBST</subfield>
<subfield code="c">Main Collection</subfield>
<subfield code="d">PJ7745.S47 D5 1968</subfield>
<subfield code="e">unavailable</subfield>
<subfield code="t">Unavailable</subfield>
<subfield code="f">1</subfield>
<subfield code="g">1</subfield>
<subfield code="h">N</subfield>
<subfield code="i">0</subfield>
<subfield code="j">MAIN</subfield>
</datafield>
</record>
